@article{ref1,
author  = "tibaredha",
title   = "ref1",
year    = "2023",
journal = "jord.dz",
volume  = "999",
number  = "99",
pages   = "9-10"
}

@article{ref2,
author = "amrane",
title  = "ref2",
year = "2023",
journal = "jord.dz",
volume  = "999",
number  = "99",
pages   = "9-10"
}

@article{ref3,
author = "yahia",
title  = "ref3",
year = "2023",
journal = "jord.dz",
volume  = "999",
number  = "99",
pages   = "9-10"
}